@book{kite_book,
    author = {Maxwell Eden},
    title = {The Magnificent Book of Kites},
    publisher = {Sterling Publishing Company, Inc.},
    edition = {1},
    address = {New York NY},
    year = {2002},
}

@article{kite_iqp,
    author = {Daniel Caddell and Marcus Peart and Joshua Price},
    title = {Educating Middle School Students Through the Implementation of Near Earth Aerial Tracking},
    journal = {(Undergraduate Interactive Qualifying Project No. E-project-101310-225259},
    year = {2010},
}